@article{broken_wire,
    author =       {Hua-Ming Lei and Gui-Yun Tian},
    title =        {Broken wire detection in coated steel belts using the magnetic flux leakage method},
    journal =      {The British Institute of Non-Destructive Testing},
    volume =       {55},
    number =       {3},
    pages =        {126-131},
    year =         {2013},
    DOI =          {https://doi.org/10.1784/insi.2012.55.3.126},
    keywords =     {Magnetic flux leakage;Coated steel belt;Broken wire evaluatio}
}


@article{localized_defects_omp,
  author          = {Charles Truong, Jean-Philippe Saut and Laurent Oudre, Fikri Hafid and Pascale Prieur},
  title           = {Identification of Localized Defects in Overhead Power Lines Using Signal Processing and the Magnetic Flux Leakage Method},
  keywords        = {localized defect;magnetic flux leakage;overhead power line;signal processin}
}

@article{triangle_inequalities,
    author =       {Jiaxing Chen, Yen Kaow Ng and Lu Lin, Xianglilan Zhang and Shuaicheng Li},
    title =        {On triangle inequalities of correlation-based distances for gene expression profiles},
    journal =      {BMC Bioinformatics},
    volume =       {24},
    number =       {40},
    year =         {2023},
    DOI =          {https://doi.org/10.1186/s12859-023-05161-y},
    keywords =     {Gene expression profiles;Correlation-based distances;Triangle inequalities}
}

@article{swapping_based_refinement_omp,
    author =       {Miroslav Andrle, Laura Rebollo-Neira},
    title =        {A swapping-based refinement of orthogonal matching pursuit strategies},
    journal =      {Signal Processing},
    volume =       {86},
    number =       {3},
    pages =        {480-495},
    year =         {2006},
    DOI =          {https://doi.org/10.1016/j.sigpro.2005.05.034},
    keywords =     {Greedy algorithms;Matching pursuit;B-spline dictionaries;Adaptive biorthogonalisation;Sparse representation;Nonlinear approximation}
}

@article{random_refined_omp,
    author =       {Shutao Li, Leyuan Fang},
    title =        {Signal Denoising With Random Refined Orthogonal Matching Pursuit},
    journal =      {IEEE Transactions on Instrumentation and Measurement},
    volume =       {61},
    number =       {1},
    pages =        {26-34},
    year =         {2011},
    DOI =          {https://doi.org/10.1109/TIM.2011.2157547},
    keywords =     {Matching pursuit algorithms;Noise reduction;Dictionaries;Correlation;Noise measurement;Gaussian noise;Signal denoising}
}

@article{orthogonal_matching_pursuit,
    author =       {Joel A. Tropp, Anna C. Gilbert},
    title =        { Signal Recovery From Random Measurements Via Orthogonal Matching Pursuit},
    journal =      {IEEE Transactions on Information Theory},
    volume =       {53},
    number =       {12},
    year =         {2007},
    DOI =          {https://doi.org/10.1109/TIT.2007.909108},
    keywords =     {Algorithms;approximation;basis pursuit;compressed sensing;group testing;orthogonal matching pursuit;signal recovery;sparse approximation}
}

@ARTICLE{multipath_matching_pursuit,
  author={Kwon, Suhyuk and Wang, Jian and Shim, Byonghyo},
  journal={IEEE Transactions on Information Theory}, 
  title={Multipath Matching Pursuit}, 
  year={2014},
  volume={60},
  number={5},
  pages={2986-3001},
  keywords={Matching pursuit algorithms;Indexes;Sensors;Correlation;Search problems;Noise measurement;Vectors;Compressive sensing (CS);sparse signal recovery;orthogonal matching pursuit;greedy algorithm;restricted isometry property (RIP);Oracle estimator},
  doi={10.1109/TIT.2014.2310482}}
